@article{Moore:2014lga,
      author         = "Moore, C. J. and Cole, R. H. and Berry, C. P. L.",
      title          = "{Gravitational-wave sensitivity curves}",
      journal        = "Class. Quant. Grav.",
      volume         = "32",
      year           = "2015",
      number         = "1",
      pages          = "015014",
      doi            = "10.1088/0264-9381/32/1/015014",
      eprint         = "1408.0740",
      archivePrefix  = "arXiv",
      primaryClass   = "gr-qc",
      reportNumber   = "LIGO-P1400129",
      SLACcitation   = "%%CITATION = ARXIV:1408.0740;%%"
}

@article{Finn:2000hj,
      author         = "Finn, Lee Samuel",
      title          = "{Aperture synthesis for gravitational wave data analysis:
                        Deterministic sources}",
      journal        = "Phys. Rev.",
      volume         = "D63",
      year           = "2001",
      pages          = "102001",
      doi            = "10.1103/PhysRevD.63.102001",
      eprint         = "gr-qc/0010033",
      archivePrefix  = "arXiv",
      primaryClass   = "gr-qc",
      SLACcitation   = "%%CITATION = GR-QC/0010033;%%"
}

@online{Chandra,
  title = "{Subrahmanyan Chandrasekhar Nobel Prize Lecture}",
  year= 1983,
  howpublished = {\url{https://www.nobelprize.org/nobel_prizes/physics/laureates/1983/chandrasekhar-lecture.pdf}}
}

@article{Baiotti:2016qnr,
      author         = "Baiotti, Luca and Rezzolla, Luciano",
      title          = "{Binary neutron star mergers: a review of Einsteinâ€™s
                        richest laboratory}",
      journal        = "Rept. Prog. Phys.",
      volume         = "80",
      year           = "2017",
      number         = "9",
      pages          = "096901",
      doi            = "10.1088/1361-6633/aa67bb",
      eprint         = "1607.03540",
      archivePrefix  = "arXiv",
      primaryClass   = "gr-qc",
      SLACcitation   = "%%CITATION = ARXIV:1607.03540;%%"
}

@article{OLeary:2008myb,
      author         = "O'Leary, Ryan M. and Kocsis, Bence and Loeb, Abraham",
      title          = "{Gravitational waves from scattering of stellar-mass
                        black holes in galactic nuclei}",
      journal        = "Mon. Not. Roy. Astron. Soc.",
      volume         = "395",
      year           = "2009",
      number         = "4",
      pages          = "2127-2146",
      doi            = "10.1111/j.1365-2966.2009.14653.x",
      eprint         = "0807.2638",
      archivePrefix  = "arXiv",
      primaryClass   = "astro-ph",
      SLACcitation   = "%%CITATION = ARXIV:0807.2638;%%"
}

@ARTICLE{1975MNRAS172P15F,
   author = "{Fabian}, A.~C. and {Pringle}, J.~E. and {Rees}, M.~J.",
    title = "{Tidal capture formation of binary systems and X-ray sources in globular clusters}",
  journal = "MNRAS",
 keywords = {Binary Stars, Globular Clusters, Stellar Radiation, Tides, X Ray Astronomy, X Ray Stars, Error Analysis, Gravitational Effects, Stellar Luminosity, Variable Stars},
     year = "1975",
    month = "Aug",
   volume = "172",
    pages = "15",
      doi = "10.1093/mnras/172.1.15P"
}


@article{Grindlay:2005ym,
      author         = "Grindlay, Jonathan and Portegies Zwart, Simon and
                        McMillan, Stephen",
      title          = "{Short gamma-ray bursts from binary neutron star mergers
                        in globular clusters}",
      journal        = "Nature Phys.",
      volume         = "2",
      year           = "2006",
      pages          = "116",
      doi            = "10.1038/nphys214",
      eprint         = "astro-ph/0512654",
      archivePrefix  = "arXiv",
      primaryClass   = "astro-ph",
      SLACcitation   = "%%CITATION = ASTRO-PH/0512654;%%"
}


@article{Weisberg:2010zz,
      author         = "Weisberg, J. M. and Nice, D. J. and Taylor, J. H.",
      title          = "{Timing Measurements of the Relativistic Binary Pulsar
                        PSR B1913+16}",
      journal        = "Astrophys. J.",
      volume         = "722",
      year           = "2010",
      pages          = "1030-1034",
      doi            = "10.1088/0004-637X/722/2/1030",
      eprint         = "1011.0718",
      archivePrefix  = "arXiv",
      primaryClass   = "astro-ph.GA",
      SLACcitation   = "%%CITATION = ARXIV:1011.0718;%%"
}

@article{Hulse:1974eb,
      author         = "Hulse, R. A. and Taylor, J. H.",
      title          = "{Discovery of a pulsar in a binary system}",
      journal        = "Astrophys. J.",
      volume         = "195",
      year           = "1975",
      pages          = "L51-L53",
      doi            = "10.1086/181708",
      SLACcitation   = "%%CITATION = ASJOA,195,L51;%%"
}

@article{Michelson:1887zz,
      author         = "Michelson, Albert Abraham and Morley, Edward Williams",
      title          = "{On the Relative Motion of the Earth and the Luminiferous
                        Ether}",
      journal        = "Am. J. Sci.",
      volume         = "34",
      year           = "1887",
      pages          = "333-345",
      doi            = "10.2475/ajs.s3-34.203.333",
      SLACcitation   = "%%CITATION = AJSCA,34,333;%%"
}

@ARTICLE{1918SPAW,
   author = {{Einstein}, A.},
    title = "{{\"U}ber Gravitationswellen}",
  journal = {Sitzungsberichte der K{\"o}niglich Preu{\ss}ischen Akademie der Wissenschaften (Berlin), Seite 154-167.},
     year = 1918,
   adsurl = {http://adsabs.harvard.edu/abs/1918SPAW.......154E},
  adsnote = {Provided by the SAO/NASA Astrophysics Data System}
}

@inproceedings{Dietrich:2018upm,
      author         = "Dietrich, Tim and Bernuzzi, Sebastiano and Bruegmann,
                        Bernd and Tichy, Wolfgang",
      title          = "{High-resolution numerical relativity simulations of
                        spinning binary neutron star mergers}",
      url            = "https://inspirehep.net/record/1663472/files/1803.07965.pdf",
      year           = "2018",
      eprint         = "1803.07965",
      archivePrefix  = "arXiv",
      primaryClass   = "gr-qc",
      SLACcitation   = "%%CITATION = ARXIV:1803.07965;%%"
}
 
 @article{Knowles:2018hqq,
      author         = "Knowles, Tyler D. and Devine, Caleb and Buch, David A.
                        and Bilgili, Serdar A. and Adams, Thomas R. and Etienne,
                        Zachariah B. and McWilliams, Sean T.",
      title          = "{Improving performance of SEOBNRv3 by $\sim$300x}",
      year           = "2018",
      eprint         = "1803.06346",
      archivePrefix  = "arXiv",
      primaryClass   = "gr-qc",
      SLACcitation   = "%%CITATION = ARXIV:1803.06346;%%"
}

@misc{Coulter2017,
     author = "Coulter, Dd Aa and others",
     howpublished = "1M2H GCN, 21529 and 21567",
     month = {08},
     year = {2017}        
} 
 
@misc{Svinkin,
     author = "Svinkin, Dot and others",
     howpublished = "Fermi-INTEGRAL GCN, 21515",
     month = {08},
     year = {2017}        
}

@misc{Fermi,
     key = {The Fermi Collaboration, Fermi-Gamma-Ray-Burst Monitor GCN, 524666471},
     month = {08},
     year = {2017}        
}

@article{Christian:2018mjv,
      author         = "Christian, Pierre and Mocz, Philip and Loeb, Abraham",
      title          = "{Evolution of the Black Hole Mass Function in Star
                        Clusters from Multiple Mergers}",
      year           = "2018",
      eprint         = "1803.07094",
      archivePrefix  = "arXiv",
      primaryClass   = "astro-ph.HE",
      SLACcitation   = "%%CITATION = ARXIV:1803.07094;%%"
}

@article{Coulter:2017wya,
      author         = "Coulter, D. A. and others",
      title          = "{Swope Supernova Survey 2017a (SSS17a), the Optical
                        Counterpart to a Gravitational Wave Source}",
      journal        = "Science",
      year           = "2017",
      doi            = "10.1126/science.aap9811",
      eprint         = "1710.05452",
      archivePrefix  = "arXiv",
      primaryClass   = "astro-ph.HE",
      SLACcitation   = "%%CITATION = ARXIV:1710.05452;%%"
}

@article{Savchenko:2017ffs,
      author         = "Savchenko, V. and others",
      title          = "{INTEGRAL Detection of the First Prompt Gamma-Ray Signal
                        Coincident with the Gravitational-wave Event GW170817}",
      journal        = "Astrophys. J.",
      volume         = "848",
      year           = "2017",
      number         = "2",
      pages          = "L15",
      doi            = "10.3847/2041-8213/aa8f94",
      eprint         = "1710.05449",
      archivePrefix  = "arXiv",
      primaryClass   = "astro-ph.HE",
      SLACcitation   = "%%CITATION = ARXIV:1710.05449;%%"
}

@article{Sato:2009zzb,
      author         = "Sato, Shuichi and others",
      title          = "{DECIGO: The Japanese space gravitational wave antenna}",
      booktitle      = "{Laser Interferometer Space Antenna. Proceedings, 7th
                        international LISA Symposium, Barcelona, Spain, June
                        16-20, 2008}",
      journal        = "J. Phys. Conf. Ser.",
      volume         = "154",
      year           = "2009",
      pages          = "012040",
      doi            = "10.1088/1742-6596/154/1/012040",
      SLACcitation   = "%%CITATION = 00462,154,012040;%%"
}

@inproceedings{Kawamura:2006zz,
      author         = "Kawamura, Seiji and others",
      title          = "{DECIGO: The Japanese space gravitational wave antenna}",
      booktitle      = "{Recent developments in theoretical and experimental
                        general relativity, gravitation and relativistic field
                        theories. Proceedings, 11th Marcel Grossmann Meeting,
                        MG11, Berlin, Germany, July 23-29, 2006. Pt. A-C}",
      year           = "2006",
      pages          = "2393-2397",
      doi            = "10.1142/9789812834300_0417",
      SLACcitation   = "%%CITATION = INSPIRE-741344;%%"
}

@article{Audley:2017drz,
      author         = "Amaro-Seoane, Pau and others",
      title          = "{Laser Interferometer Space Antenna}",
      year           = "2017",
      eprint         = "1702.00786",
      archivePrefix  = "arXiv",
      primaryClass   = "astro-ph.IM",
      SLACcitation   = "%%CITATION = ARXIV:1702.00786;%%"
}

@article{Fryer:1999ht,
      author         = "Fryer, Chris L. and Kalogera, Vassiliki",
      title          = "{Theoretical black hole mass distributions}",
      journal        = "Astrophys. J.",
      volume         = "554",
      year           = "2001",
      pages          = "548-560",
      doi            = "10.1086/321359",
      eprint         = "astro-ph/9911312",
      archivePrefix  = "arXiv",
      primaryClass   = "astro-ph",
      SLACcitation   = "%%CITATION = ASTRO-PH/9911312;%%"
}

@article{Zappa:2017xba,
      author         = "Zappa, Francesco and Bernuzzi, Sebastiano and Radice,
                        David and Perego, Albino and Dietrich, Tim",
      title          = "{Gravitational-wave luminosity of binary neutron stars
                        mergers}",
      journal        = "Phys. Rev. Lett.",
      volume         = "120",
      year           = "2018",
      pages          = "111101",
      doi            = "10.1103/PhysRevLett.120.111101",
      eprint         = "1712.04267",
      archivePrefix  = "arXiv",
      primaryClass   = "gr-qc",
      SLACcitation   = "%%CITATION = ARXIV:1712.04267;%%"
}

@article{Kyutoku:2017voj,
      author         = "Kyutoku, Koutarou and Kiuchi, Kenta and Sekiguchi,
                        Yuichiro and Shibata, Masaru and Taniguchi, Keisuke",
      title          = "{Neutrino transport in black hole-neutron star binaries:
                        neutrino emission and dynamical mass ejection}",
      journal        = "Phys. Rev.",
      volume         = "D97",
      year           = "2018",
      number         = "2",
      pages          = "023009",
      doi            = "10.1103/PhysRevD.97.023009",
      eprint         = "1710.00827",
      archivePrefix  = "arXiv",
      primaryClass   = "astro-ph.HE",
      SLACcitation   = "%%CITATION = ARXIV:1710.00827;%%"
}

@article{Nissanke:2012dj,
      author         = "Nissanke, Samaya and Kasliwal, Mansi and Georgieva,
                        Alexandra",
      title          = "{Identifying Elusive Electromagnetic Counterparts to
                        Gravitational Wave Mergers: an end-to-end simulation}",
      journal        = "Astrophys. J.",
      volume         = "767",
      year           = "2013",
      pages          = "124",
      doi            = "10.1088/0004-637X/767/2/124",
      eprint         = "1210.6362",
      archivePrefix  = "arXiv",
      primaryClass   = "astro-ph.HE",
      SLACcitation   = "%%CITATION = ARXIV:1210.6362;%%"
}

@article{Abbott:2011ys,
      author         = "Abbott, B. P. and others",
      title          = "{Implementation and testing of the first prompt search
                        for gravitational wave transients with electromagnetic
                        counterparts}",
      collaboration  = "VIRGO, LIGO Scientific",
      journal        = "Astron. Astrophys.",
      volume         = "539",
      year           = "2012",
      pages          = "A124",
      doi            = "10.1051/0004-6361/201118219",
      eprint         = "1109.3498",
      archivePrefix  = "arXiv",
      primaryClass   = "astro-ph.IM",
      reportNumber   = "LIGO-P1000061",
      SLACcitation   = "%%CITATION = ARXIV:1109.3498;%%"
}

@article{Bucciantini:2011kx,
      author         = "Bucciantini, N. and Metzger, B. D. and Thompson, T. A.
                        and Quataert, E.",
      title          = "{Short GRBs with Extended Emission from Magnetar Birth:
                        Jet Formation and Collimation}",
      journal        = "Mon. Not. Roy. Astron. Soc.",
      volume         = "419",
      year           = "2012",
      pages          = "1537",
      doi            = "10.1111/j.1365-2966.2011.19810.x",
      eprint         = "1106.4668",
      archivePrefix  = "arXiv",
      primaryClass   = "astro-ph.HE",
      reportNumber   = "NORDITA-2011-51",
      SLACcitation   = "%%CITATION = ARXIV:1106.4668;%%"
}

@article{Kumar:2014upa,
      author         = "Kumar, Pawan and Zhang, Bing",
      title          = "{The physics of gamma-ray bursts \& relativistic jets}",
      journal        = "Phys. Rept.",
      volume         = "561",
      year           = "2014",
      pages          = "1-109",
      doi            = "10.1016/j.physrep.2014.09.008",
      eprint         = "1410.0679",
      archivePrefix  = "arXiv",
      primaryClass   = "astro-ph.HE",
      SLACcitation   = "%%CITATION = ARXIV:1410.0679;%%"
}

@article{Eichler:1989ve,
      author         = "Eichler, David and Livio, Mario and Piran, Tsvi and
                        Schramm, David N.",
      title          = "{Nucleosynthesis, Neutrino Bursts and Gamma-Rays from
                        Coalescing Neutron Stars}",
      journal        = "Nature",
      volume         = "340",
      year           = "1989",
      pages          = "126-128",
      doi            = "10.1038/340126a0",
      reportNumber   = "FERMILAB-PUB-89-102-A",
      SLACcitation   = "%%CITATION = NATUA,340,126;%%"
}

@online{LIGO_Voy,
  title = "{What Comes Next for LIGO? 2016 LIGO-DAWN Workshop II}",
  howpublished = {\url{https://wiki.ligo.org/pub/LSC/LIGOworkshop2016/WebHome/Dawn-II-Report-SecondDraft-v2.pdf}}
}


@article{Abbott:2017gyy,
      author         = "Abbott, B.. P.. and others",
      title          = "{GW170608: Observation of a 19-solar-mass Binary Black
                        Hole Coalescence}",
      collaboration  = "Virgo, LIGO Scientific",
      journal        = "Astrophys. J.",
      volume         = "851",
      year           = "2017",
      number         = "2",
      pages          = "L35",
      doi            = "10.3847/2041-8213/aa9f0c",
      eprint         = "1711.05578",
      archivePrefix  = "arXiv",
      primaryClass   = "astro-ph.HE",
      reportNumber   = "LIGO-DOCUMENT-P170608-V8",
      SLACcitation   = "%%CITATION = ARXIV:1711.05578;%%"
}

@article{Abbott:2017oio,
      author         = "Abbott, B. P. and others",
      title          = "{GW170814: A Three-Detector Observation of Gravitational
                        Waves from a Binary Black Hole Coalescence}",
      collaboration  = "Virgo, LIGO Scientific",
      journal        = "Phys. Rev. Lett.",
      volume         = "119",
      year           = "2017",
      number         = "14",
      pages          = "141101",
      doi            = "10.1103/PhysRevLett.119.141101",
      eprint         = "1709.09660",
      archivePrefix  = "arXiv",
      primaryClass   = "gr-qc",
      SLACcitation   = "%%CITATION = ARXIV:1709.09660;%%"
}

@article{Abbott:2017vtc,
      author         = "Abbott, Benjamin P. and others",
      title          = "{GW170104: Observation of a 50-Solar-Mass Binary Black
                        Hole Coalescence at Redshift 0.2}",
      collaboration  = "VIRGO, LIGO Scientific",
      journal        = "Phys. Rev. Lett.",
      volume         = "118",
      year           = "2017",
      number         = "22",
      pages          = "221101",
      doi            = "10.1103/PhysRevLett.118.221101",
      eprint         = "1706.01812",
      archivePrefix  = "arXiv",
      primaryClass   = "gr-qc",
      reportNumber   = "LIGO-P170104",
      SLACcitation   = "%%CITATION = ARXIV:1706.01812;%%"
}

@article{TheLIGOScientific:2016pea,
      author         = "Abbott, B. P. and others",
      title          = "{Binary Black Hole Mergers in the first Advanced LIGO
                        Observing Run}",
      collaboration  = "Virgo, LIGO Scientific",
      journal        = "Phys. Rev.",
      volume         = "X6",
      year           = "2016",
      number         = "4",
      pages          = "041015",
      doi            = "10.1103/PhysRevX.6.041015",
      eprint         = "1606.04856",
      archivePrefix  = "arXiv",
      primaryClass   = "gr-qc",
      reportNumber   = "LIGO-P1600088",
      SLACcitation   = "%%CITATION = ARXIV:1606.04856;%%"
}

@inproceedings{Akutsu:2017thy,
      author         = "Akutsu, T. and others",
      title          = "{The status of KAGRA underground cryogenic gravitational
                        wave telescope}",
      booktitle      = "{15th International Conference on Topics in Astroparticle
                        and Underground Physics (TAUP 2017) Sudbury, Ontario,
                        Canada, July 24-28, 2017}",
      collaboration  = "KAGRA",
      url            = "https://inspirehep.net/record/1630606/files/arXiv:1710.04823.pdf",
      year           = "2017",
      eprint         = "1710.04823",
      archivePrefix  = "arXiv",
      primaryClass   = "gr-qc",
      reportNumber   = "JGW-P1707191",
      SLACcitation   = "%%CITATION = ARXIV:1710.04823;%%"
}

@article{Aasi:2013wya,
      author         = "Abbott, Benjamin P. and others",
      title          = "{Prospects for Observing and Localizing
                        Gravitational-Wave Transients with Advanced LIGO, Advanced
                        Virgo and KAGRA}",
      collaboration  = "VIRGO, LIGO Scientific",
      year           = "2013",
      doi            = "10.1007/lrr-2016-1",
      note           = "[Living Rev. Rel.19,1(2016)]",
      eprint         = "1304.0670",
      archivePrefix  = "arXiv",
      primaryClass   = "gr-qc",
      reportNumber   = "LIGO-P1200087, VIR-0288A-12",
      SLACcitation   = "%%CITATION = ARXIV:1304.0670;%%"
}

@article{Buonanno:2009zt,
      author         = "Buonanno, Alessandra and Iyer, Bala and Ochsner, Evan and
                        Pan, Yi and Sathyaprakash, B. S.",
      title          = "{Comparison of post-Newtonian templates for compact
                        binary inspiral signals in gravitational-wave detectors}",
      journal        = "Phys. Rev.",
      volume         = "D80",
      year           = "2009",
      pages          = "084043",
      doi            = "10.1103/PhysRevD.80.084043",
      eprint         = "0907.0700",
      archivePrefix  = "arXiv",
      primaryClass   = "gr-qc",
      SLACcitation   = "%%CITATION = ARXIV:0907.0700;%%"
}

@article{GW150914,
      author         = "Abbott, B. P. and others",
      title          = "{Observation of Gravitational Waves from a Binary Black
                        Hole Merger}",
      collaboration  = "Virgo, LIGO Scientific",
      journal        = "Phys. Rev. Lett.",
      volume         = "116",
      year           = "2016",
      number         = "6",
      pages          = "061102",
      doi            = "10.1103/PhysRevLett.116.061102",
      eprint         = "1602.03837",
      archivePrefix  = "arXiv",
      primaryClass   = "gr-qc",
      reportNumber   = "LIGO-P150914",
      SLACcitation   = "%%CITATION = ARXIV:1602.03837;%%"
}

@article{Monitor:2017mdv,
      author         = "Abbott, B. P. and others",
      title          = "{Gravitational Waves and Gamma-rays from a Binary Neutron
                        Star Merger: GW170817 and GRB 170817A}",
      collaboration  = "Virgo, Fermi-GBM, INTEGRAL, LIGO Scientific",
      journal        = "Astrophys. J.",
      volume         = "848",
      year           = "2017",
      number         = "2",
      pages          = "L13",
      doi            = "10.3847/2041-8213/aa920c",
      eprint         = "1710.05834",
      archivePrefix  = "arXiv",
      primaryClass   = "astro-ph.HE",
      reportNumber   = "LIGO-P1700308",
      SLACcitation   = "%%CITATION = ARXIV:1710.05834;%%"
}

@article{Kyutoku:2011vz,
      author         = "Kyutoku, Koutarou and Okawa, Hirotada and Shibata, Masaru
                        and Taniguchi, Keisuke",
      title          = "{Gravitational waves from spinning black hole-neutron
                        star binaries: dependence on black hole spins and on
                        neutron star equations of state}",
      journal        = "Phys. Rev.",
      volume         = "D84",
      year           = "2011",
      pages          = "064018",
      doi            = "10.1103/PhysRevD.84.064018",
      eprint         = "1108.1189",
      archivePrefix  = "arXiv",
      primaryClass   = "astro-ph.HE",
      SLACcitation   = "%%CITATION = ARXIV:1108.1189;%%"
}

@article{Hanna:2008um,
      author         = "Hanna, Chad and Megevand, Miguel and Ochsner, Evan and
                        Palenzuela, Carlos",
      title          = "{A method for estimating time-frequency characteristics
                        of compact binary mergers to improve searches for
                        inspiral, merger and ring-down phases separately}",
      journal        = "Class. Quant. Grav.",
      volume         = "26",
      year           = "2009",
      pages          = "015009",
      doi            = "10.1088/0264-9381/26/1/015009",
      eprint         = "0801.4297",
      archivePrefix  = "arXiv",
      primaryClass   = "gr-qc",
      SLACcitation   = "%%CITATION = ARXIV:0801.4297;%%"
}

@article{Ferrari:2008nr,
      author         = "Ferrari, V. and Gualtieri, L. and Pannarale, F.",
      title          = "{A Semi-relativistic Model for Tidal Interactions in
                        BH-NS Coalescing Binaries}",
      journal        = "Class. Quant. Grav.",
      volume         = "26",
      year           = "2009",
      pages          = "125004",
      doi            = "10.1088/0264-9381/26/12/125004",
      eprint         = "0801.2911",
      archivePrefix  = "arXiv",
      primaryClass   = "astro-ph",
      SLACcitation   = "%%CITATION = ARXIV:0801.2911;%%"
}

@article{Ozel:2016oaf,
      author         = "Ã–zel, Feryal and Freire, Paulo",
      title          = "{Masses, Radii, and the Equation of State of Neutron
                        Stars}",
      journal        = "Ann. Rev. Astron. Astrophys.",
      volume         = "54",
      year           = "2016",
      pages          = "401-440",
      doi            = "10.1146/annurev-astro-081915-023322",
      eprint         = "1603.02698",
      archivePrefix  = "arXiv",
      primaryClass   = "astro-ph.HE",
      SLACcitation   = "%%CITATION = ARXIV:1603.02698;%%"
}

@article{Wiktorowicz:2013dua,
      author         = "Wiktorowicz, Grzegorz and Belczynski, Krzysztof and
                        Maccarone, Thomas J.",
      title          = "{Black Hole X-ray Transients: The Formation Puzzle}",
      year           = "2013",
      eprint         = "1312.5924",
      archivePrefix  = "arXiv",
      primaryClass   = "astro-ph.HE",
      SLACcitation   = "%%CITATION = ARXIV:1312.5924;%%"
}

@article{Ozel:2010su,
      author         = "Ozel, Feryal and Psaltis, Dimitrios and Narayan, Ramesh
                        and McClintock, Jeffrey E.",
      title          = "{The Black Hole Mass Distribution in the Galaxy}",
      journal        = "Astrophys. J.",
      volume         = "725",
      year           = "2010",
      pages          = "1918-1927",
      doi            = "10.1088/0004-637X/725/2/1918",
      eprint         = "1006.2834",
      archivePrefix  = "arXiv",
      primaryClass   = "astro-ph.GA",
      SLACcitation   = "%%CITATION = ARXIV:1006.2834;%%"
}

@article{Raithel:2017nlc,
      author         = "Raithel, Carolyn A. and Sukhbold, Tuguldur and Ã–zel,
                        Feryal",
      title          = "{Confronting Models of Massive Star Evolution and
                        Explosions with Remnant Mass Measurements}",
      year           = "2017",
      eprint         = "1712.00021",
      archivePrefix  = "arXiv",
      primaryClass   = "astro-ph.HE",
      SLACcitation   = "%%CITATION = ARXIV:1712.00021;%%"
}

@article{Abbott:2016ymx,
      author         = "Abbott, Benjamin P. and others",
      title          = "{Upper Limits on the Rates of Binary Neutron Star and
                        Neutron Starâ€“black Hole Mergers From Advanced Ligoâ€™s
                        First Observing run}",
      collaboration  = "Virgo, LIGO Scientific",
      journal        = "Astrophys. J.",
      volume         = "832",
      year           = "2016",
      number         = "2",
      pages          = "L21",
      doi            = "10.3847/2041-8205/832/2/L21",
      eprint         = "1607.07456",
      archivePrefix  = "arXiv",
      primaryClass   = "astro-ph.HE",
      SLACcitation   = "%%CITATION = ARXIV:1607.07456;%%"
}

@article{Farr:2010tu,
      author         = "Farr, Will M. and Sravan, Niharika and Cantrell, Andrew
                        and Kreidberg, Laura and Bailyn, Charles D. and Mandel,
                        Ilya and Kalogera, Vicky",
      title          = "{The Mass Distribution of Stellar-Mass Black Holes}",
      journal        = "Astrophys. J.",
      volume         = "741",
      year           = "2011",
      pages          = "103",
      doi            = "10.1088/0004-637X/741/2/103",
      eprint         = "1011.1459",
      archivePrefix  = "arXiv",
      primaryClass   = "astro-ph.GA",
      SLACcitation   = "%%CITATION = ARXIV:1011.1459;%%"
}

@article{McClintock:2006xd,
      author         = "McClintock, Jeffrey E. and Shafee, Rebecca and Narayan,
                        Ramesh and Remillard, Ronald A. and Davis, Shane W. and
                        Li, Li-Xin",
      title          = "{The Spin of the Near-Extreme Kerr Black Hole GRS
                        1915+105}",
      journal        = "Astrophys. J.",
      volume         = "652",
      year           = "2006",
      pages          = "518-539",
      doi            = "10.1086/508457",
      eprint         = "astro-ph/0606076",
      archivePrefix  = "arXiv",
      primaryClass   = "astro-ph",
      SLACcitation   = "%%CITATION = ASTRO-PH/0606076;%%"
}

@article{Shibata:2011jka,
      author         = "Shibata, Masaru and Taniguchi, Keisuke",
      title          = "{Coalescence of Black Hole-Neutron Star Binaries}",
      journal        = "Living Rev. Rel.",
      volume         = "14",
      year           = "2011",
      pages          = "6",
      doi            = "10.12942/lrr-2011-6",
      SLACcitation   = "%%CITATION = 00222,14,6;%%"
}

@article{Sesana:2016ljz,
      author         = "Sesana, Alberto",
      title          = "{Prospects for Multiband Gravitational-Wave Astronomy
                        after GW150914}",
      journal        = "Phys. Rev. Lett.",
      volume         = "116",
      year           = "2016",
      number         = "23",
      pages          = "231102",
      doi            = "10.1103/PhysRevLett.116.231102",
      eprint         = "1602.06951",
      archivePrefix  = "arXiv",
      primaryClass   = "gr-qc",
      SLACcitation   = "%%CITATION = ARXIV:1602.06951;%%"
}

@article{Mills:2017urp,
      author         = "Mills, Joseph and Tiwari, Vaibhav and Fairhurst, Stephen",
      title          = "{Localization of binary mergers with gravitational-wave
                        detectors of second and third generation}",
      year           = "2017",
      eprint         = "1708.00806",
      archivePrefix  = "arXiv",
      primaryClass   = "gr-qc",
      SLACcitation   = "%%CITATION = ARXIV:1708.00806;%%"
}

@article{Marronetti:2003hx,
      author         = "Marronetti, Pedro and Duez, Matthew D. and Shapiro,
                        Stuart L. and Baumgarte, Thomas W.",
      title          = "{Dynamical determination of the innermost stable circular
                        orbit of binary neutron stars}",
      journal        = "Phys. Rev. Lett.",
      volume         = "92",
      year           = "2004",
      pages          = "141101",
      doi            = "10.1103/PhysRevLett.92.141101",
      eprint         = "gr-qc/0312036",
      archivePrefix  = "arXiv",
      primaryClass   = "gr-qc",
      SLACcitation   = "%%CITATION = GR-QC/0312036;%%"
}

@article{Faber:2012rw,
      author         = "Faber, Joshua A. and Rasio, Frederic A.",
      title          = "{Binary Neutron Star Mergers}",
      journal        = "Living Rev. Rel.",
      volume         = "15",
      year           = "2012",
      pages          = "8",
      doi            = "10.12942/lrr-2012-8",
      eprint         = "1204.3858",
      archivePrefix  = "arXiv",
      primaryClass   = "gr-qc",
      SLACcitation   = "%%CITATION = ARXIV:1204.3858;%%"
}

@article{Phinney:2001di,
      author         = "Phinney, E. S.",
      title          = "{A Practical theorem on gravitational wave backgrounds}",
      year           = "2001",
      eprint         = "astro-ph/0108028",
      archivePrefix  = "arXiv",
      primaryClass   = "astro-ph",
      SLACcitation   = "%%CITATION = ASTRO-PH/0108028;%%"
}

@article{Hogg:1999ad,
      author         = "Hogg, David W.",
      title          = "{Distance measures in cosmology}",
      year           = "1999",
      eprint         = "astro-ph/9905116",
      archivePrefix  = "arXiv",
      primaryClass   = "astro-ph",
      SLACcitation   = "%%CITATION = ASTRO-PH/9905116;%%"
}

@article{Planck2015,
      author         = "Adam, R. and others",
      title          = "{Planck 2015 results. I. Overview of products and
                        scientific results}",
      collaboration  = "Planck",
      journal        = "Astron. Astrophys.",
      volume         = "594",
      year           = "2016",
      pages          = "A1",
      doi            = "10.1051/0004-6361/201527101",
      eprint         = "1502.01582",
      archivePrefix  = "arXiv",
      primaryClass   = "astro-ph.CO",
      SLACcitation   = "%%CITATION = ARXIV:1502.01582;%%"
}


@book{Maggiore,
  title={Gravitational Waves: Volume 1: Theory and Experiments},
  author={Maggiore, M.},
  isbn={9780198570745},
  lccn={2008270556},
  series={Gravitational Waves},
  url={https://books.google.ie/books?id=AqVpQgAACAAJ},
  year={2008},
  publisher={OUP Oxford}
}

@online{LIGO_L1_data,
  title = "{Data release for GW170817}",
  howpublished = {\url{https://losc.ligo.org/events/GW170817/}}
}

@online{LIGO_tutorial,
  title = "{LIGO Open Science Center signal processing tutorial}",
  howpublished = {\url{https://losc.ligo.org/s/events/GW150914/GW150914_tutorial.html}}
}


@online{LIGO2020,
  title = "{Advanced LIGO anticipated sensitivity curves}",
  howpublished = {\url{https://dcc.ligo.org/LIGO-T0900288/public}}
} 

@online{GW170817_Facts,
  title = "{GW170817 Factsheet}",
  howpublished = {\url{https://www.ligo.org/detections/GW170817/images-GW170817/GW170817_Factsheet.pdf}}
}


@online{KAGRA,
  title = "{KAGRA website}",
  howpublished = {\url{http://gwcenter.icrr.u-tokyo.ac.jp/en/}}
}


@article{PM1963,
  title = {Gravitational Radiation from Point Masses in a Keplerian Orbit},
  author = {Peters, P. C. and Mathews, J.},
  journal = {Phys. Rev.},
  volume = {131},
  issue = {1},
  pages = {435--440},
  numpages = {0},
  year = {1963},
  month = {Jul},
  publisher = {American Physical Society},
  doi = {10.1103/PhysRev.131.435},
  url = {https://link.aps.org/doi/10.1103/PhysRev.131.435}
}


@article{FastestNSspin,
      author         = "Hessels, Jason W. T. and Ransom, Scott M. and Stairs,
                        Ingrid H. and Freire, Paulo Cesar Carvalho and Kaspi,
                        Victoria M. and Camilo, Fernando",
      title          = "{A radio pulsar spinning at 716-hz}",
      journal        = "Science",
      volume         = "311",
      year           = "2006",
      pages          = "1901-1904",
      doi            = "10.1126/science.1123430",
      eprint         = "astro-ph/0601337",
      archivePrefix  = "arXiv",
      primaryClass   = "astro-ph",
      SLACcitation   = "%%CITATION = ASTRO-PH/0601337;%%"
}

@article{GW170817,
      author         = "Abbott, B.â€‰P. and others",
      title          = "{GW170817: Observation of Gravitational Waves from a
                        Binary Neutron Star Inspiral}",
      collaboration  = "Virgo, LIGO Scientific",
      journal        = "Phys. Rev. Lett.",
      volume         = "119",
      year           = "2017",
      number         = "16",
      pages          = "161101",
      doi            = "10.1103/PhysRevLett.119.161101",
      eprint         = "1710.05832",
      archivePrefix  = "arXiv",
      primaryClass   = "gr-qc",
      reportNumber   = "LIGO-P170817",
      SLACcitation   = "%%CITATION = ARXIV:1710.05832;%%"
}

@article{Blanchet_LRR,
      author         = "Blanchet, Luc",
      title          = "{Gravitational Radiation from Post-Newtonian Sources and
                        Inspiralling Compact Binaries}",
      journal        = "Living Rev. Rel.",
      volume         = "17",
      year           = "2014",
      pages          = "2",
      doi            = "10.12942/lrr-2014-2",
      eprint         = "1310.1528",
      archivePrefix  = "arXiv",
      primaryClass   = "gr-qc",
      SLACcitation   = "%%CITATION = ARXIV:1310.1528;%%"
}

@incollection{Colpi_Sesana,
      author         = "Colpi, Monica and Sesana, Alberto",
      title          = "{Gravitational Wave Sources in the Era of Multi-Band
                        Gravitational Wave Astronomy}",
      editor         = "Auger, Gerard and Plagnol, Eric",
      booktitle      = "An Overview of Gravitational Waves: Theory, Sources and
                        Detection",
      year           = "2017",
      url            = "https://inspirehep.net/record/1492489/files/arXiv:1610.05309.pdf",
      pages          = "43-140",
      doi            = "10.1142/9789813141766_0002",
      eprint         = "1610.05309",
      archivePrefix  = "arXiv",
      primaryClass   = "astro-ph.HE",
      SLACcitation   = "%%CITATION = ARXIV:1610.05309;%%"
}


@article{4PN_EoM_paper,
      author         = "Bernard, Laura and Blanchet, Luc and Faye, Guillaume and
                        Marchand, Tanguy",
      title          = "{Center-of-Mass Equations of Motion and Conserved
                        Integrals of Compact Binary Systems at the Fourth
                        Post-Newtonian Order}",
      year           = "2017",
      eprint         = "1711.00283",
      archivePrefix  = "arXiv",
      primaryClass   = "gr-qc",
      SLACcitation   = "%%CITATION = ARXIV:1711.00283;%%"
}

@article{SchutzLRR,
      author         = "Sathyaprakash, B. S. and Schutz, B. F.",
      title          = "{Physics, Astrophysics and Cosmology with Gravitational
                        Waves}",
      journal        = "Living Rev. Rel.",
      volume         = "12",
      year           = "2009",
      pages          = "2",
      doi            = "10.12942/lrr-2009-2",
      eprint         = "0903.0338",
      archivePrefix  = "arXiv",
      primaryClass   = "gr-qc",
      SLACcitation   = "%%CITATION = ARXIV:0903.0338;%%"
}

@article{Freire_et_al_2007,
      author         = "Freire, Paulo Cesar Carvalho and Ransom, Scott M. and
                        Begin, Steve and Stairs, Ingrid H. and Hessels, Jason W.
                        T. and Frey, Lucille H. and Camilo, Fernando",
      title          = "{Eight New Millisecond Pulsars in NGC 6440 and NGC 6441}",
      journal        = "Astrophys. J.",
      volume         = "675",
      year           = "2008",
      pages          = "670",
      doi            = "10.1086/526338",
      eprint         = "0711.0925",
      archivePrefix  = "arXiv",
      primaryClass   = "astro-ph",
      SLACcitation   = "%%CITATION = ARXIV:0711.0925;%%"
}

@article{Ozel_Freire,
      author         = "Ã–zel, Feryal and Freire, Paulo",
      title          = "{Masses, Radii, and the Equation of State of Neutron
                        Stars}",
      journal        = "Ann. Rev. Astron. Astrophys.",
      volume         = "54",
      year           = "2016",
      pages          = "401-440",
      doi            = "10.1146/annurev-astro-081915-023322",
      eprint         = "1603.02698",
      archivePrefix  = "arXiv",
      primaryClass   = "astro-ph.HE",
      SLACcitation   = "%%CITATION = ARXIV:1603.02698;%%"
}

@article{Regimbau:2012ir,
      author         = "Regimbau, Tania and others",
      title          = "{A Mock Data Challenge for the Einstein
                        Gravitational-Wave Telescope}",
      journal        = "Phys. Rev.",
      volume         = "D86",
      year           = "2012",
      pages          = "122001",
      doi            = "10.1103/PhysRevD.86.122001",
      eprint         = "1201.3563",
      archivePrefix  = "arXiv",
      primaryClass   = "gr-qc",
      SLACcitation   = "%%CITATION = ARXIV:1201.3563;%%"
}

@article{Wen:2005ui,
      author         = "Wen, Linqing and Schutz, Bernard F",
      title          = "{Coherent network detection of gravitational waves: The
                        Redundancy veto}",
      booktitle      = "{Gravitational wave data analysis. Proceedings, 9th
                        Workshop, GWDAW 2004, Annecy, France, December 15-18,
                        2004}",
      journal        = "Class. Quant. Grav.",
      volume         = "22",
      year           = "2005",
      pages          = "S1321-S1336",
      doi            = "10.1088/0264-9381/22/18/S46",
      eprint         = "gr-qc/0508042",
      archivePrefix  = "arXiv",
      primaryClass   = "gr-qc",
      SLACcitation   = "%%CITATION = GR-QC/0508042;%%"
}

@article{Sathyaprakash:2012jk,
      author         = "Sathyaprakash, B. and others",
      title          = "{Scientific Objectives of Einstein Telescope}",
      booktitle      = "{Gravitational waves. Numerical relativity - data
                        analysis. Proceedings, 9th Edoardo Amaldi Conference,
                        Amaldi 9, and meeting, NRDA 2011, Cardiff, UK, July 10-15,
                        2011}",
      journal        = "Class. Quant. Grav.",
      volume         = "29",
      year           = "2012",
      pages          = "124013",
      doi            = "10.1088/0264-9381/29/12/124013,
                        10.1088/0264-9381/30/7/079501",
      note           = "[Erratum: Class. Quant. Grav.30,079501(2013)]",
      eprint         = "1206.0331",
      archivePrefix  = "arXiv",
      primaryClass   = "gr-qc",
      SLACcitation   = "%%CITATION = ARXIV:1206.0331;%%"
}

@techreport{ET_doc,
     title = {{Einstein gravitational wave Telescope Conceptual Design Study}},
     author = {M Abernathy et al.},
     group = {EU},
     year = {2011},
     institution = {European Commission},
     month = {06},
     Date-Added = {2011-06-28},
     Date-Modified = {2011-06-28}
}



@article{Sathyaprakash:2012jk,
      author         = "Sathyaprakash, B. and others",
      title          = "{Scientific Objectives of Einstein Telescope}",
      booktitle      = "{Gravitational waves. Numerical relativity - data
                        analysis. Proceedings, 9th Edoardo Amaldi Conference,
                        Amaldi 9, and meeting, NRDA 2011, Cardiff, UK, July 10-15,
                        2011}",
      journal        = "Class. Quant. Grav.",
      volume         = "29",
      year           = "2012",
      pages          = "124013",
      doi            = "10.1088/0264-9381/29/12/124013,
                        10.1088/0264-9381/30/7/079501",
      note           = "[Erratum: Class. Quant. Grav.30,079501(2013)]",
      eprint         = "1206.0331",
      archivePrefix  = "arXiv",
      primaryClass   = "gr-qc",
      SLACcitation   = "%%CITATION = ARXIV:1206.0331;%%"
}



@article{Patricelli:2016bkt,
      author         = "Patricelli, Barbara and Razzano, Massimiliano and Cella,
                        Giancarlo and Fidecaro, Francesco and Pian, Elena and
                        Branchesi, Marica and Stamerra, Antonio",
      title          = "{Prospects for joint observations of gravitational waves
                        and gamma rays from merging neutron star binaries}",
      journal        = "JCAP",
      volume         = "1611",
      year           = "2016",
      number         = "11",
      pages          = "056",
      doi            = "10.1088/1475-7516/2016/11/056",
      eprint         = "1606.06124",
      archivePrefix  = "arXiv",
      primaryClass   = "astro-ph.HE",
      SLACcitation   = "%%CITATION = ARXIV:1606.06124;%%"
}

@article{Gabbard:2017lja,
      author         = "Gabbard, Hunter and Williams, Michael and Hayes, Fergus
                        and Messenger, Chris",
      title          = "{Matching matched filtering with deep networks in
                        gravitational-wave astronomy}",
      year           = "2017",
      eprint         = "1712.06041",
      archivePrefix  = "arXiv",
      primaryClass   = "astro-ph.IM",
      SLACcitation   = "%%CITATION = ARXIV:1712.06041;%%"
}

@article{Cannon:2011vi,
      author         = "Cannon, Kipp and others",
      title          = "{Toward Early-Warning Detection of Gravitational Waves
                        from Compact Binary Coalescence}",
      journal        = "Astrophys. J.",
      volume         = "748",
      year           = "2012",
      pages          = "136",
      doi            = "10.1088/0004-637X/748/2/136",
      eprint         = "1107.2665",
      archivePrefix  = "arXiv",
      primaryClass   = "astro-ph.IM",
      reportNumber   = "LIGO-P0900004, LIGO-P0900004-V34",
      SLACcitation   = "%%CITATION = ARXIV:1107.2665;%%"
}

@article{Zhu:2017znf,
      author         = "Zhu, Xingjiang and Thrane, Eric and Oss, Stefan and
                        Levin, Yuri and Lasky, Paul D.",
      title          = "{Inferring the population properties of binary neutron
                        stars with gravitational-wave measurements of spin}",
      year           = "2017",
      eprint         = "1711.09226",
      archivePrefix  = "arXiv",
      primaryClass   = "astro-ph.HE",
      reportNumber   = "LIGO-P1700400",
      SLACcitation   = "%%CITATION = ARXIV:1711.09226;%%"
}

@article{Cutler:1994ys,
      author         = "Cutler, Curt and Flanagan, Eanna E.",
      title          = "{Gravitational waves from merging compact binaries: How
                        accurately can one extract the binary's parameters from
                        the inspiral wave form?}",
      journal        = "Phys. Rev.",
      volume         = "D49",
      year           = "1994",
      pages          = "2658-2697",
      doi            = "10.1103/PhysRevD.49.2658",
      eprint         = "gr-qc/9402014",
      archivePrefix  = "arXiv",
      primaryClass   = "gr-qc",
      reportNumber   = "GRP-369",
      SLACcitation   = "%%CITATION = GR-QC/9402014;%%"
}

@article{Rodriguez:2013oaa,
      author         = "Rodriguez, Carl L. and Farr, Benjamin and Raymond, Vivien
                        and Farr, Will M. and Littenberg, Tyson B. and Fazi, Diego
                        and Kalogera, Vicky",
      title          = "{Basic Parameter Estimation of Binary Neutron Star
                        Systems by the Advanced LIGO/Virgo Network}",
      journal        = "Astrophys. J.",
      volume         = "784",
      year           = "2014",
      pages          = "119",
      doi            = "10.1088/0004-637X/784/2/119",
      eprint         = "1309.3273",
      archivePrefix  = "arXiv",
      primaryClass   = "astro-ph.HE",
      SLACcitation   = "%%CITATION = ARXIV:1309.3273;%%"
}

@article{Farr:2015lna,
      author         = "Farr, Ben and others",
      title          = "{Parameter estimation on gravitational waves from
                        neutron-star binaries with spinning components}",
      journal        = "Astrophys. J.",
      volume         = "825",
      year           = "2016",
      number         = "2",
      pages          = "116",
      doi            = "10.3847/0004-637X/825/2/116",
      eprint         = "1508.05336",
      archivePrefix  = "arXiv",
      primaryClass   = "astro-ph.HE",
      reportNumber   = "LIGO-P1500117",
      SLACcitation   = "%%CITATION = ARXIV:1508.05336;%%"
}

@article{Read:2009yp,
      author         = "Read, Jocelyn S. and Markakis, Charalampos and Shibata,
                        Masaru and Uryu, Koji and Creighton, Jolien D. E. and
                        Friedman, John L.",
      title          = "{Measuring the neutron star equation of state with
                        gravitational wave observations}",
      journal        = "Phys. Rev.",
      volume         = "D79",
      year           = "2009",
      pages          = "124033",
      doi            = "10.1103/PhysRevD.79.124033",
      eprint         = "0901.3258",
      archivePrefix  = "arXiv",
      primaryClass   = "gr-qc",
      SLACcitation   = "%%CITATION = ARXIV:0901.3258;%%"
}

@article{Andersson:2009yt,
      author         = "Andersson, N. and Ferrari, V. and Jones, D. I. and
                        Kokkotas, K. D. and Krishnan, B. and Read, J. S. and
                        Rezzolla, L. and Zink, B.",
      title          = "{Gravitational waves from neutron stars: Promises and
                        challenges}",
      journal        = "Gen. Rel. Grav.",
      volume         = "43",
      year           = "2011",
      pages          = "409-436",
      doi            = "10.1007/s10714-010-1059-4",
      eprint         = "0912.0384",
      archivePrefix  = "arXiv",
      primaryClass   = "astro-ph.SR",
      SLACcitation   = "%%CITATION = ARXIV:0912.0384;%%"
}

@article{PhysRevD.91.043002,
  title = {Reconstructing the neutron-star equation of state with gravitational-wave detectors from a realistic population of inspiralling binary neutron stars},
  author = {Lackey, Benjamin D. and Wade, Leslie},
  journal = {Phys. Rev. D},
  volume = {91},
  issue = {4},
  pages = {043002},
  numpages = {20},
  year = {2015},
  month = {Feb},
  publisher = {American Physical Society},
  doi = {10.1103/PhysRevD.91.043002},
  url = {https://link.aps.org/doi/10.1103/PhysRevD.91.043002}
}


@article{PhysRevD.89.103012,
  title = {Systematic and statistical errors in a Bayesian approach to the estimation of the neutron-star equation of state using advanced gravitational wave detectors},
  author = {Wade, Leslie and Creighton, Jolien D. E. and Ochsner, Evan and Lackey, Benjamin D. and Farr, Benjamin F. and Littenberg, Tyson B. and Raymond, Vivien},
  journal = {Phys. Rev. D},
  volume = {89},
  issue = {10},
  pages = {103012},
  numpages = {14},
  year = {2014},
  month = {May},
  publisher = {American Physical Society},
  doi = {10.1103/PhysRevD.89.103012},
  url = {https://link.aps.org/doi/10.1103/PhysRevD.89.103012}
}



@article{GBM:2017lvd,
      author         = "Abbott, B. P. and others",
      title          = "{Multi-messenger Observations of a Binary Neutron Star
                        Merger}",
      collaboration  = "GROND, SALT Group, OzGrav, DFN, INTEGRAL, Virgo,
                        Insight-Hxmt, MAXI Team, Fermi-LAT, J-GEM, RATIR, IceCube,
                        CAASTRO, LWA, ePESSTO, GRAWITA, RIMAS, SKA South
                        Africa/MeerKAT, H.E.S.S., 1M2H Team, IKI-GW Follow-up,
                        Fermi GBM, Pi of Sky, DWF (Deeper Wider Faster Program),
                        Dark Energy Survey, MASTER, AstroSat Cadmium Zinc
                        Telluride Imager Team, Swift, Pierre Auger, ASKAP,
                        VINROUGE, JAGWAR, Chandra Team at McGill University,
                        TTU-NRAO, GROWTH, AGILE Team, MWA, ATCA, AST3, TOROS,
                        Pan-STARRS, NuSTAR, ATLAS Telescopes, BOOTES, CaltechNRAO,
                        LIGO Scientific, High Time Resolution Universe Survey,
                        Nordic Optical Telescope, Las Cumbres Observatory Group,
                        TZAC Consortium, LOFAR, IPN, DLT40, Texas Tech University,
                        HAWC, ANTARES, KU, Dark Energy Camera GW-EM, CALET, Euro
                        VLBI Team, ALMA",
      journal        = "Astrophys. J.",
      volume         = "848",
      year           = "2017",
      number         = "2",
      pages          = "L12",
      doi            = "10.3847/2041-8213/aa91c9",
      eprint         = "1710.05833",
      archivePrefix  = "arXiv",
      primaryClass   = "astro-ph.HE",
      reportNumber   = "LIGO-P1700294, VIR-0802A-17, FERMILAB-PUB-17-478-A-AE-CD",
      SLACcitation   = "%%CITATION = ARXIV:1710.05833;%%"
}

% For \cite{LSST}
@ARTICLE{LSST,
   author = {{LSST Science Collaboration} and {Abell}, P.~A. and {Allison}, J. and 
	{Anderson}, S.~F. and {Andrew}, J.~R. and {Angel}, J.~R.~P. and 
	{Armus}, L. and {Arnett}, D. and {Asztalos}, S.~J. and {Axelrod}, T.~S. and et al.},
    title = "{LSST Science Book, Version 2.0}",
  journal = {ArXiv e-prints},
archivePrefix = "arXiv",
   eprint = {0912.0201},
 primaryClass = "astro-ph.IM",
 keywords = {Astrophysics - Instrumentation and Methods for Astrophysics, Astrophysics - Cosmology and Extragalactic Astrophysics, Astrophysics - Earth and Planetary Astrophysics, Astrophysics - Galaxy Astrophysics, Astrophysics - Solar and Stellar Astrophysics},
     year = 2009,
    month = dec,
   adsurl = {http://adsabs.harvard.edu/abs/2009arXiv0912.0201L},
  adsnote = {Provided by the SAO/NASA Astrophysics Data System}
}

% For \cite{CE}
@article{CE,
      author         = "Abbott, Benjamin P. and others",
      title          = "{Exploring the Sensitivity of Next Generation
                        Gravitational Wave Detectors}",
      collaboration  = "LIGO Scientific",
      journal        = "Class. Quant. Grav.",
      volume         = "34",
      year           = "2017",
      number         = "4",
      pages          = "044001",
      doi            = "10.1088/1361-6382/aa51f4",
      eprint         = "1607.08697",
      archivePrefix  = "arXiv",
      primaryClass   = "astro-ph.IM",
      reportNumber   = "LIGO-P1600143",
      SLACcitation   = "%%CITATION = ARXIV:1607.08697;%%"
}


% For \cite{Kagra2}
@article{KAGRA2,
      author         = "Akutsu, T. and others",
      title          = "{Construction of KAGRA: an Underground Gravitational Wave
                        Observatory}",
      collaboration  = "KAGRA",
      year           = "2017",
      eprint         = "1712.00148",
      archivePrefix  = "arXiv",
      primaryClass   = "gr-qc",
      SLACcitation   = "%%CITATION = ARXIV:1712.00148;%%"
}




@article{Hild:2010id,
      author         = "Hild, S. and others",
      title          = "{Sensitivity Studies for Third-Generation Gravitational
                        Wave Observatories}",
      journal        = "Class. Quant. Grav.",
      volume         = "28",
      year           = "2011",
      pages          = "094013",
      doi            = "10.1088/0264-9381/28/9/094013",
      eprint         = "1012.0908",
      archivePrefix  = "arXiv",
      primaryClass   = "gr-qc",
      SLACcitation   = "%%CITATION = ARXIV:1012.0908;%%"
}
